
@online{_sistema_????,
	title = {Sistema Nacional de Computación de Alto Desempeño - Supercálculo - República Argentina},
	url = {http://www.supercalculo.mincyt.gov.ar/},
	urldate = {2012-05-18}
}

@article{carlino_que_2007,
	title = {¿Qué nos dicen las investigaciones internacionales sobre la escritura en la Universidad?},
	pages = {21-40},
	number = {4},
	journaltitle = {Cuadernos de Psicopedagogía, Escuela de Psicopedagogía de la Universidad Pedagógica y Tecnológica de Colombia},
	author = {Carlino, Paula},
	date = {2007}
}

@online{_cavium_????,
	title = {Cavium University Program},
	url = {http://university.cavium.com/download_center.html},
	urldate = {2011-11-01},
	keywords = {multicore}
}

@book{kurose_computer_2009,
	location = {Upper Saddle River, N.J.; Harlow},
	edition = {5th},
	title = {Computer networking : a top-down approach},
	isbn = {9780131365483  0131365487  9780136079675  0136079679},
	shorttitle = {Computer networking},
	abstract = {Building on the successful top-down approach of previous editions, this edition continues with an early emphasis on application-layer paradigms and application programming interfaces, encouraging a hands-on experience with protocols and networking concepts.},
	publisher = {Pearson Education},
	author = {Kurose, James F and Ross, Keith W},
	date = {2009}
}

@article{alvarez_angulo_texto_1996,
	title = {El texto expositivo-explicativo: su superestructura y características textuales},
	shorttitle = {El texto expositivo-explicativo},
	pages = {29–44},
	number = {8},
	journaltitle = {Didáctica (lengua y literatura)},
	author = {Alvarez Angulo, T.},
	date = {1996}
}

@online{_computo_????,
	title = {Cómputo de Altas Prestaciones},
	url = {http://hpc.uncoma.edu.ar/},
	urldate = {2012-02-29}
}

@incollection{mastache_jovenes_2011,
	title = {Los Jóvenes Estudiantes del Siglo {XXI}},
	booktitle = {La Lectura y la Escritura: Un Asunto de Todos},
	author = {Mastache, Anahí},
	date = {2011}
}

@online{_how_????,
	title = {How 802.11 Wireless Works: Wireless},
	url = {http://technet.microsoft.com/en-us/library/cc757419(v=ws.10).aspx},
	urldate = {2012-06-06}
}

@online{center_for_history_and_new_media_zotero_????,
	title = {Zotero Quick Start Guide},
	url = {http://zotero.org/support/quick_start_guide},
	author = {{Center for History and New Media}}
}

@article{vohra_international_2007,
	title = {International perspective on health impact assessment in urban settings},
	volume = {18},
	issn = {1034-7674},
	url = {http://www.ncbi.nlm.nih.gov/pubmed/17949580},
	abstract = {Health impact assessment is being used to support and deliver healthy and sustainable communities in major urban areas around the world. This article discusses some of the latest international developments in the use of health impact assessment in urban settings: in North America, Europe, Africa, Asia and Australasia. It outlines the implications of this work and describes some of the challenges facing practitioners in predicting health impacts and providing solutions to protecting and enhancing health and wellbeing in urban settings.},
	pages = {152-154},
	number = {9},
	journaltitle = {New South Wales Public Health Bulletin},
	shortjournal = {N S W Public Health Bull},
	author = {Vohra, Salim},
	urldate = {2012-05-10},
	date = {2007-10},
	pmid = {17949580},
	keywords = {Africa, Asia, Australia, City Planning, Community Health Planning, Community Health Services, Europe, Great Britain, Health Status, Humans, Internationality, North America, Public Health, Social Change, Technology Assessment, Biomedical, Urban Population}
}

@misc{mastache_jovenes_????,
	title = {Los jóvenes estudiantes del siglo {XXI}.pdf},
	author = {Mastache, Anahí}
}

@book{peterson_computer_2012,
	location = {Amsterdam; Boston},
	title = {Computer networks : a systems approach},
	isbn = {9780123850591  0123850592},
	shorttitle = {Computer networks},
	publisher = {Morgan Kaufmann},
	author = {Peterson, Larry L and Davie, Bruce S},
	date = {2012}
}

@book{estrada_memorias_2004,
	title = {Memorias de Mauro Rodríguez E.: Mis herejías y sus verdades: del dogmatismo a la creatividad},
	shorttitle = {Memorias de Mauro Rodríguez E.},
	publisher = {Editorial Pax México},
	author = {Estrada, M. R},
	date = {2004}
}

@book{bonaventure_computer_2011,
	title = {Computer Networking : Principles, Protocols and Practice},
	author = {Bonaventure, Olivier},
	date = {2011},
	note = {See http://inl.info.ucl.ac.be/cnp3}
}

@collection{carlino_lectura_2009,
	location = {Neuquén},
	edition = {1},
	title = {La Lectura y la Escritura: Un Asunto de Todos},
	isbn = {978-987-604-123-2},
	publisher = {Educo, Universidad Nacional del Comahue},
	editor = {Carlino, Paula and Martínez, Silvia},
	date = {2009}
}

@book{estrada_memorias_2004-1,
	title = {Memorias de Mauro Rodríguez E.: Mis herejías y sus verdades: del dogmatismo a la creatividad},
	shorttitle = {Memorias de Mauro Rodríguez E.},
	publisher = {Editorial Pax México},
	author = {Estrada, M. R},
	date = {2004}
}

@online{_carlino_????,
	title = {carlino qué nos dicen las investigaciones internacionales sobre la escritura - Google Search},
	url = {http://www.google.com/search?q=carlino+qu%C3%A9+nos+dicen+las+investigaciones+internacionales+sobre+la+escritura+},
	urldate = {2012-05-10}
}

@online{_freenet6_????,
	title = {Freenet6 {IPv}6 Services - {gogoNET}},
	url = {http://gogonet.gogo6.com/page/freenet6-ipv6-services},
	urldate = {2011-05-03}
}

@book{tanenbaum_computer_2011,
	location = {Boston},
	title = {Computer networks},
	isbn = {9780132126953  0132126958},
	publisher = {Pearson Prentice Hall},
	author = {Tanenbaum, Andrew S and Wetherall, D},
	date = {2011}
}

@online{_ipv6_????,
	title = {{IPv}6 on a home network (Part 2) {\textbar} Dave's Blog},
	url = {http://davenjudy.org/davesBlog/node/74},
	urldate = {2011-05-03}
}

@book{stallings_data_2011,
	location = {Boston},
	title = {Data and computer communications},
	isbn = {9780131392052  0131392050},
	publisher = {Prentice Hall},
	author = {Stallings, William},
	date = {2011}
}

@book{nogueira_manual_2004,
	location = {Buenos Aires},
	title = {Manual de lectura y escritura universitarias : prácticas de taller},
	isbn = {9507863516 9789507863516},
	shorttitle = {Manual de lectura y escritura universitarias},
	publisher = {Biblos},
	author = {Nogueira, Sylvia and Alazraki, Ruth},
	date = {2004}
}

@misc{_domeniconi_????,
	title = {{DOMENICONI} - Gli Spiriti (1979) (guitar - chitarra).pdf}
}

@thesis{acero_estructura_2008,
	location = {Buenos Aires},
	title = {Estructura del Libro de Texto Universitario},
	institution = {Universidad de San Andrés},
	type = {Maestría en Educación},
	author = {Acero, Fernando},
	date = {2008}
}

@book{kurose_computer_2009-1,
	location = {Upper Saddle River, N.J.; Harlow},
	edition = {5th},
	title = {Computer networking : a top-down approach},
	isbn = {9780131365483  0131365487  9780136079675  0136079679},
	shorttitle = {Computer networking},
	abstract = {Building on the successful top-down approach of previous editions, this edition continues with an early emphasis on application-layer paradigms and application programming interfaces, encouraging a hands-on experience with protocols and networking concepts.},
	publisher = {Pearson Education},
	author = {Kurose, James F and Ross, Keith W},
	date = {2009}
}

@book{velarde_indice_1997,
	title = {Indice acumulativo de la revista Orbe: órgano de la Universidad Nacional del Sureste, 1937-1958},
	shorttitle = {Indice acumulativo de la revista Orbe},
	publisher = {Uady},
	author = {Velarde, R. G and Figueroa, G. P and Peña, V. J.R},
	date = {1997}
}